% Encoding: UTF-8

@Article{bh1,
  author  = {Andrew Bacher-Hicks and Joshua Goodman and Christine Mulhern},
  journal = {Journal of Public Economics},
  title   = {Inequality in Household Adaptation to Schooling Shocks: Covid-Induced Online Learning Engagement in Real Time},
  year    = {2020},
}

@Article{bartik,
  author  = {Alexander W. Bartik and ZoÃ« Cullen and Edward L. Glaeser and Michael Luca and Christopher Stanton},
  journal = {Harvard Business School Working Paper Series},
  title   = {What Jobs are Being Done at Home During the COVID-19 Crisis? Evidence from Firm-Level Surveys},
  year    = {2020},
}

@Article{bynjolfsson,
  author  = {Erik Bynjolfsson and John J. Horton and Adam Ozimek and Daniel Rock and Garima Sharma and Hong-Yi TuYe},
  journal = {NBER Working Paper Series},
  title   = {Covid-19 and Remote Work: An Early Look at US data},
  year    = {2020},
}

@Article{chetty,
  author  = {Raj Chetty and John Friedman and Nathaniel Hendren and Michael Stepner and the Opportunity Insights Team.},
  journal = {Opportunity Insights},
  title   = {The Economic Impacts of COVID-19: Evidence from a New Public Database Built Using Private Sector Data},
  year    = {2020},
}

@Article{horowitz,
  author  = {Juliana Horowitz},
  journal = {Pew Research Center},
  title   = {Lower-income parents most concerned about their children falling behind amid COVID-19 school closures},
  year    = {2020},
}

@Article{vonHippel,
  author  = {Paul von Hippel},
  journal = {Education Next},
  title   = {How Will the Coronavirus Affect Children's Learning? Unequally.},
  year    = {2020},
}

@Article{choi,
  author  = {Hyunyoung Choi and Hal Varian},
  journal = {Google, Inc.},
  title   = {Predicting the Present with Google Trends},
  year    = {2012},
}

@Article{dingel,
  author  = {Jonathan Dingel and Brent Neiman},
  journal = {Journal of Public Economics},
  title   = {How Many Jobs Can be Done at Home?},
  year    = {2020},
}

@Article{blandin,
  author  = {Alexander Bick and Adam Blandin and Karel Mertens},
  journal = {Federal Reserve Bank of Dallas Working Paper Series},
  title   = {Work from Home after the Covid-19 Outbreak},
  year    = {2020},
}

@Article{bh2,
  author  = {Andrew Bacher-Hicks and Joshua Goodman},
  journal = {Working Paper},
  title   = {The Covid-19 Pandemic Is a Lousy Natural Experiment for Estimating the Effects of Policy Changes},
  year    = {2020},
}

@Comment{jabref-meta: databaseType:bibtex;}
